Date,Language,Region,Customer_Type,Quantity,Price,Discount,Revenue
12/29/2024,Spanish,West,Student,23,63.24,0.27,1061.8
12/15/2024,Spanish,South,Professional,9,223.05,0.24,1525.66
1/20/2024,Mandarin,West,Professional,2,61.87,0.09,112.6
4/19/2024,Spanish,North,Professional,13,432.51,0.17,4666.78
11/3/2024,Mandarin,North,Student,12,460.02,0.25,4140.18
12/3/2024,German,South,Student,10,261.91,0.12,2304.81
1/21/2024,Spanish,South,Professional,30,178.96,0.25,4026.6
5/13/2024,French,East,Student,21,197.9,0.13,3615.63
9/11/2024,Spanish,West,Student,24,233.99,0.23,4324.14
2/7/2024,Mandarin,South,Student,18,406.7,0.18,6002.89
12/5/2024,Spanish,North,Student,7,275.79,0.16,1621.65
2/17/2024,German,West,Student,4,152.46,0.16,512.27
3/16/2024,Spanish,East,Student,7,498.04,0.28,2510.12
2/26/2024,French,South,Professional,19,407.74,0.14,6662.47
4/20/2024,French,North,Student,12,485.73,0.18,4779.58
2/26/2024,Spanish,North,Student,3,171.15,0.07,477.51
12/22/2024,German,West,Professional,11,346.48,0.19,3087.14
11/28/2024,Mandarin,South,Professional,20,164.74,0.09,2998.27
8/12/2024,French,North,Professional,27,261.94,0.16,5940.8
7/4/2024,French,North,Student,19,115.05,0.23,1683.18
5/10/2024,German,North,Professional,12,264.41,0.26,2347.96
12/17/2024,French,North,Student,1,462.61,0.18,379.34
8/4/2024,Spanish,East,Student,17,215.47,0.2,2930.39
6/28/2024,German,North,Student,6,285.58,0.16,1439.32
9/29/2024,French,North,Professional,23,221.51,0.03,4941.89
2/28/2024,French,South,Professional,24,219.47,0.1,4740.55
3/24/2024,Mandarin,South,Student,4,165.02,0.17,547.87
11/29/2024,Mandarin,North,Student,21,104.91,0.27,1608.27
5/24/2024,Mandarin,West,Professional,13,428.04,0.2,4451.62
2/7/2024,Mandarin,East,Professional,14,365.16,0.19,4140.91
6/27/2024,German,East,Professional,17,200.97,0.18,2801.52
11/23/2024,Mandarin,West,Professional,15,186.11,0.29,1982.07
10/1/2024,German,South,Student,20,100.56,0.3,1407.84
10/12/2024,German,South,Student,17,427.7,0.2,5816.72
9/20/2024,Spanish,South,Student,22,136.39,0.22,2340.45
7/22/2024,German,North,Professional,11,367.92,0.25,3035.34
1/14/2024,Spanish,North,Professional,19,312.89,0.09,5409.87
1/10/2024,German,North,Student,6,453.4,0.15,2312.34
11/20/2024,French,East,Professional,9,312.05,0.15,2387.18
7/31/2024,Mandarin,West,Student,17,256.03,0.02,4265.46
10/3/2024,Spanish,West,Professional,14,317.71,0.09,4047.63
11/24/2024,Mandarin,North,Student,8,337.07,0.27,1968.49
3/27/2024,Mandarin,East,Professional,6,332.73,0.15,1696.92
3/25/2024,German,East,Student,27,354.08,0.12,8412.94
4/9/2024,Mandarin,South,Student,18,476.22,0.27,6257.53
4/28/2024,Mandarin,East,Professional,10,194.51,0.03,1886.75
7/31/2024,Spanish,North,Student,22,378.07,0.01,8234.36
2/19/2024,Mandarin,West,Professional,19,237.81,0.12,3976.18
3/20/2024,Spanish,South,Student,17,368.64,0.19,5076.17
2/23/2024,French,North,Professional,17,193.54,0.13,2862.46
8/25/2024,Mandarin,West,Professional,7,385.96,0.1,2431.55
12/21/2024,Spanish,North,Professional,30,188.43,0.24,4296.2
1/10/2024,Spanish,North,Student,3,116.07,0.23,268.12
11/15/2024,French,West,Professional,26,427.94,0.05,10570.12
1/11/2024,German,East,Student,14,144.27,0.27,1474.44
9/2/2024,Mandarin,East,Professional,15,346.23,0.21,4102.83
12/5/2024,Spanish,East,Professional,20,380.14,0.28,5474.02
2/5/2024,Spanish,South,Professional,17,372.51,0.29,4496.2
12/22/2024,Spanish,North,Student,13,187.25,0.07,2263.85
11/30/2024,French,West,Student,21,270.21,0.14,4879.99
2/2/2024,German,East,Professional,22,273.89,0.13,5242.25
10/12/2024,French,North,Student,12,130.06,0.08,1435.86
2/21/2024,French,North,Professional,16,288.92,0.22,3605.72
1/7/2024,German,East,Professional,30,165.04,0.04,4753.15
1/15/2024,Spanish,North,Student,4,424.96,0.15,1444.86
9/6/2024,Mandarin,North,Professional,27,418.79,0.04,10855.04
6/18/2024,German,West,Professional,17,94.53,0.29,1140.98
3/30/2024,Spanish,North,Professional,4,390.02,0.18,1279.27
4/5/2024,French,South,Professional,16,54.94,0.13,764.76
12/7/2024,Mandarin,East,Student,22,364.42,0.05,7616.38
3/2/2024,French,East,Student,7,222.98,0.25,1170.64
11/2/2024,French,West,Professional,19,99.32,0.14,1622.89
6/6/2024,German,South,Student,23,195.13,0.14,3859.67
5/2/2024,French,West,Student,22,94.48,0.28,1496.56
12/3/2024,Mandarin,East,Student,4,183.21,0.05,696.2
5/6/2024,Mandarin,East,Professional,9,258.92,0.3,1631.2
1/10/2024,French,South,Professional,13,256.41,0.04,3200
10/13/2024,French,East,Professional,20,424.26,0.19,6873.01
5/6/2024,Spanish,East,Professional,22,151.43,0.13,2898.37
7/4/2024,Spanish,West,Student,9,192.04,0.18,1417.26
10/7/2024,French,East,Student,9,479.57,0.09,3927.68
3/7/2024,Spanish,South,Student,16,238.92,0.2,3058.18
12/3/2024,German,North,Professional,14,424.81,0.3,4163.14
2/21/2024,French,North,Professional,8,379.05,0.2,2425.92
10/19/2024,German,East,Student,24,89.3,0.13,1864.58
9/25/2024,French,South,Professional,8,495.99,0.09,3610.81
11/29/2024,German,South,Professional,3,164.64,0.25,370.44
7/10/2024,Spanish,East,Professional,29,333.55,0.03,9382.76
1/8/2024,French,North,Professional,28,73.23,0.29,1455.81
8/12/2024,Spanish,North,Student,21,194.63,0.13,3555.89
4/4/2024,French,East,Student,23,65.57,0.13,1312.06
7/28/2024,Mandarin,North,Professional,30,136.85,0.03,3982.34
11/21/2024,German,East,Student,2,450.21,0.07,837.39
3/5/2024,German,North,Professional,20,128.96,0.12,2269.7
5/4/2024,Mandarin,West,Student,28,277.66,0.08,7152.52
10/7/2024,Mandarin,South,Student,4,486.36,0,1945.44
11/4/2024,French,West,Student,28,226.1,0.3,4431.56
10/11/2024,Spanish,East,Professional,2,499.31,0.28,719.01
9/28/2024,Mandarin,West,Professional,23,310.59,0.04,6857.83
9/17/2024,German,North,Professional,26,259.91,0.24,5135.82
11/4/2024,Spanish,West,Professional,10,50.28,0.1,452.52
10/11/2024,German,West,Student,25,87.86,0.02,2152.57
3/7/2024,German,East,Professional,4,57.43,0.24,174.59
8/18/2024,French,South,Student,29,472.29,0.1,12326.77
2/28/2024,German,West,Professional,3,57.57,0.25,129.53
4/26/2024,Mandarin,South,Student,8,354.13,0.19,2294.76
4/15/2024,German,South,Professional,30,281.4,0.04,8104.32
8/4/2024,Spanish,West,Student,14,192.31,0.04,2584.65
4/15/2024,French,North,Student,17,80.86,0.03,1333.38
7/16/2024,Spanish,North,Professional,1,392.32,0.28,282.47
4/22/2024,French,North,Professional,2,99.42,0.15,169.01
9/11/2024,French,North,Student,7,174.85,0.08,1126.03
2/21/2024,German,South,Professional,6,265.88,0.24,1212.41
8/25/2024,Mandarin,South,Professional,4,399.23,0.18,1309.47
10/15/2024,Spanish,South,Professional,2,418.96,0.18,687.09
6/25/2024,Mandarin,South,Professional,24,296.43,0.25,5335.74
12/15/2024,German,East,Student,28,408.28,0.2,9145.47
2/23/2024,French,North,Student,27,112.94,0.01,3018.89
7/28/2024,French,West,Student,26,148.14,0.04,3697.57
4/2/2024,German,East,Student,4,456.5,0.16,1533.84
6/5/2024,Mandarin,East,Student,8,208.11,0.09,1515.04
3/31/2024,French,South,Student,9,97.35,0.04,841.1
10/6/2024,French,North,Professional,22,129.1,0.29,2016.54
1/2/2024,Mandarin,South,Student,7,145.43,0.13,885.67
12/5/2024,Spanish,South,Student,22,341.5,0.28,5409.36
11/27/2024,Spanish,South,Student,30,120.02,0.23,2772.46
1/26/2024,Spanish,East,Student,17,319.24,0.02,5318.54
11/10/2024,French,North,Student,30,477.63,0.25,10746.68
7/22/2024,German,West,Professional,21,400.89,0.03,8166.13
2/22/2024,French,East,Professional,9,358.37,0.04,3096.32
12/1/2024,French,East,Professional,18,323.52,0.28,4192.82
1/3/2024,German,West,Student,3,179.55,0.24,409.37
1/17/2024,Mandarin,North,Professional,9,386.85,0.27,2541.6
8/13/2024,Mandarin,South,Professional,30,72.86,0.23,1683.07
8/12/2024,German,West,Student,15,65.02,0.06,916.78
10/25/2024,German,West,Student,14,423.71,0.29,4211.68
8/8/2024,German,North,Student,7,183.71,0.14,1105.93
10/20/2024,Mandarin,North,Professional,2,478.45,0.16,803.8
11/23/2024,Mandarin,North,Student,14,211.47,0.12,2605.31
6/15/2024,French,West,Student,19,209.34,0.26,2943.32
8/16/2024,Spanish,South,Student,7,181.15,0.17,1052.48
10/15/2024,Spanish,South,Professional,20,408.39,0.06,7677.73
4/27/2024,Spanish,South,Student,14,177,0.03,2403.66
6/24/2024,Mandarin,West,Student,9,474.25,0.25,3201.19
1/24/2024,Spanish,North,Professional,13,431.42,0.26,4150.26
4/27/2024,Mandarin,South,Student,26,156.18,0.15,3451.58
5/17/2024,Spanish,South,Professional,23,434.64,0.01,9896.75
2/16/2024,Spanish,North,Professional,5,442.92,0.18,1815.97
1/19/2024,French,North,Student,1,252.54,0.18,207.08
9/19/2024,German,West,Student,6,460.5,0.04,2652.48
6/14/2024,French,South,Student,4,264.02,0.18,865.99
7/25/2024,Spanish,East,Professional,8,229.66,0.11,1635.18
2/5/2024,Mandarin,West,Professional,17,101.21,0.15,1462.48
3/21/2024,German,East,Professional,10,346.61,0.24,2634.24
9/16/2024,French,East,Student,29,126.64,0.18,3011.5
9/14/2024,Mandarin,East,Professional,17,452.04,0.11,6839.37
10/19/2024,Mandarin,North,Student,10,438.76,0.11,3904.96
4/25/2024,German,North,Professional,21,142.8,0.27,2189.12
5/19/2024,Mandarin,West,Student,7,406.82,0.18,2335.15
3/29/2024,French,East,Professional,1,184.97,0.05,175.72
12/12/2024,Spanish,East,Professional,7,411.95,0.14,2479.94
8/5/2024,French,West,Student,16,180.02,0.24,2189.04
4/12/2024,French,West,Professional,28,137.98,0.06,3631.63
10/1/2024,German,South,Professional,30,396.62,0.21,9399.89
8/8/2024,Spanish,North,Professional,3,375.12,0.2,900.29
3/24/2024,French,North,Professional,9,177.16,0.17,1323.39
10/28/2024,Mandarin,South,Professional,24,281.84,0.13,5884.82
3/10/2024,French,North,Student,19,446.34,0.27,6190.74
8/16/2024,Mandarin,East,Professional,9,147,0.01,1309.77
7/15/2024,French,North,Professional,16,315.56,0.11,4493.57
4/23/2024,German,East,Professional,5,177.2,0.13,770.82
5/17/2024,German,West,Student,23,149.9,0.07,3206.36
9/13/2024,French,West,Professional,4,439.76,0.01,1741.45
7/3/2024,German,South,Student,10,183.69,0.27,1340.94
2/3/2024,French,East,Professional,2,398.48,0.11,709.29
5/26/2024,French,West,Student,3,183.96,0.01,546.36
9/12/2024,German,North,Professional,27,307.05,0.03,8041.64
12/12/2024,French,South,Professional,16,326.85,0.25,3922.2
10/23/2024,German,North,Student,23,321,0.01,7309.17
11/1/2024,Mandarin,East,Student,7,307.1,0.26,1590.78
7/2/2024,Mandarin,North,Professional,12,159.42,0.12,1683.48
2/8/2024,Spanish,North,Student,22,188.02,0.18,3391.88
12/16/2024,Mandarin,North,Student,4,452.35,0.09,1646.55
7/14/2024,German,West,Student,23,290.9,0.01,6623.79
6/4/2024,German,South,Student,18,96.52,0.13,1511.5
5/2/2024,Spanish,South,Student,30,281.51,0.02,8276.39
3/5/2024,German,West,Professional,12,117.15,0.05,1335.51
8/27/2024,German,South,Student,25,423.25,0.04,10158
3/10/2024,Spanish,East,Student,5,229.05,0.26,847.48
5/23/2024,Spanish,West,Student,7,193.85,0.14,1166.98
8/19/2024,Mandarin,East,Professional,15,131.09,0.16,1651.73
3/13/2024,Spanish,South,Professional,22,298.29,0.03,6365.51
8/2/2024,French,South,Student,2,58.92,0.18,96.63
7/23/2024,Spanish,South,Professional,22,86.33,0.21,1500.42
10/11/2024,French,West,Student,26,355.54,0.16,7764.99
9/10/2024,Spanish,East,Professional,11,426.89,0,4695.79
9/23/2024,Mandarin,South,Professional,21,51.83,0.05,1034.01
4/29/2024,Mandarin,North,Professional,29,263.6,0.05,7262.18
10/29/2024,Spanish,West,Professional,9,170.87,0.02,1507.07
1/22/2024,Mandarin,South,Student,26,166.8,0.18,3556.18
12/5/2024,German,West,Professional,8,239.73,0.17,1591.81
3/10/2024,Spanish,North,Student,18,400.3,0.22,5620.21
1/27/2024,German,West,Student,27,73.42,0.23,1526.4
10/18/2024,French,East,Student,4,421.22,0.04,1617.48
4/5/2024,French,East,Professional,19,218.96,0.25,3120.18
4/18/2024,Spanish,West,Professional,1,94.34,0.08,86.79
6/23/2024,German,North,Professional,28,337.76,0.11,8416.98
8/27/2024,Mandarin,North,Professional,28,316.76,0.28,6385.88
6/24/2024,German,East,Student,30,91.22,0.27,1997.72
4/18/2024,German,East,Student,28,466.88,0.04,12549.73
4/4/2024,French,South,Professional,22,140.27,0.27,2252.74
9/6/2024,Spanish,North,Student,27,462.46,0.02,12236.69
11/21/2024,Mandarin,East,Student,11,438.29,0.16,4049.8
11/9/2024,Mandarin,West,Professional,15,192.81,0.13,2516.17
3/6/2024,French,West,Professional,28,320.65,0.13,7811.03
9/16/2024,French,North,Professional,6,218.14,0.13,1138.69
1/10/2024,German,South,Student,22,214.8,0.24,3591.46
3/9/2024,Spanish,West,Professional,1,176.19,0.01,174.43
12/6/2024,Mandarin,West,Student,7,293.4,0.07,1910.03
5/26/2024,Spanish,East,Professional,7,354.41,0.27,1811.04
12/30/2024,Spanish,West,Professional,13,76.39,0.25,744.8
6/11/2024,German,East,Student,1,134.18,0.23,103.32
4/11/2024,French,West,Professional,20,105.91,0.05,2012.29
11/30/2024,German,South,Student,19,442.56,0.21,6642.83
1/29/2024,Spanish,North,Student,17,62.11,0.21,834.14
11/21/2024,French,West,Professional,13,177.13,0.26,1703.99
4/29/2024,Spanish,North,Professional,12,274.35,0.08,3028.82
9/11/2024,Spanish,East,Student,13,498.45,0.11,5767.07
7/7/2024,French,East,Student,21,353.59,0.21,5866.06
5/24/2024,German,North,Professional,2,220.33,0.1,396.59
2/8/2024,Spanish,West,Student,16,426.31,0.17,5661.4
2/5/2024,Mandarin,East,Professional,19,358.58,0.2,5450.42
1/9/2024,Spanish,West,Student,1,455.46,0.22,355.26
9/20/2024,German,East,Professional,13,446.32,0.08,5337.99
11/2/2024,Spanish,North,Professional,5,192.59,0.15,818.51
9/8/2024,Mandarin,South,Student,1,226.13,0.23,174.12
1/27/2024,Spanish,West,Professional,25,274.11,0.16,5756.31
6/10/2024,German,East,Professional,7,309.26,0.29,1537.02
9/29/2024,German,South,Professional,14,248.77,0.04,3343.47
4/27/2024,Spanish,South,Student,8,437.78,0.16,2941.88
5/27/2024,French,North,Professional,13,450.23,0.21,4623.86
11/20/2024,German,South,Student,23,173.04,0.29,2825.74
5/28/2024,French,North,Professional,26,404.85,0.12,9262.97
6/9/2024,Mandarin,West,Professional,22,143.2,0.21,2488.82
9/25/2024,Spanish,North,Student,29,420.42,0.25,9144.14
2/12/2024,French,West,Student,11,462.83,0.15,4327.46
6/7/2024,Spanish,North,Student,26,471.38,0.05,11643.09
1/27/2024,Mandarin,North,Professional,18,386.93,0.17,5780.73
12/4/2024,German,West,Student,30,100.27,0.27,2195.91
6/23/2024,Mandarin,West,Professional,12,216.13,0,2593.56
5/6/2024,Spanish,East,Professional,2,292.35,0.05,555.46
11/26/2024,Mandarin,South,Professional,3,443.42,0.14,1144.02
6/14/2024,German,West,Student,12,364.32,0.19,3541.19
2/5/2024,French,North,Professional,10,244.32,0.24,1856.83
5/30/2024,Spanish,West,Professional,22,327.44,0.02,7059.61
9/11/2024,German,West,Student,13,127.43,0.01,1640.02
9/8/2024,Spanish,South,Professional,10,141.27,0.19,1144.29
8/18/2024,Spanish,North,Professional,6,162.42,0.17,808.85
2/5/2024,French,South,Professional,2,216.38,0.1,389.48
1/4/2024,French,West,Student,10,87.94,0.09,800.25
6/12/2024,Mandarin,East,Professional,5,439.69,0.28,1582.88
4/8/2024,German,East,Student,6,265.33,0.29,1130.31
7/7/2024,German,East,Professional,9,262.69,0.12,2080.5
12/8/2024,Mandarin,South,Student,8,216.5,0.16,1454.88
2/3/2024,Spanish,East,Professional,4,346.43,0.12,1219.43
2/3/2024,Mandarin,East,Professional,29,331.86,0.27,7025.48
1/25/2024,Spanish,West,Student,11,91.03,0.16,841.12
1/3/2024,German,North,Student,25,300.63,0.02,7365.44
9/19/2024,German,West,Professional,28,59.71,0.04,1605
7/29/2024,Mandarin,East,Professional,24,101.97,0.2,1957.82
4/30/2024,German,East,Professional,27,123.56,0.28,2402.01
1/6/2024,Mandarin,West,Student,3,118.39,0.29,252.17
10/4/2024,Spanish,West,Professional,18,161.52,0.28,2093.3
9/25/2024,Mandarin,West,Professional,23,245.75,0.13,4917.46
10/14/2024,Spanish,North,Student,10,454.72,0.27,3319.46
8/21/2024,Spanish,West,Student,20,138.77,0.28,1998.29
12/1/2024,Mandarin,East,Professional,14,267.87,0.04,3600.17
6/4/2024,Mandarin,East,Student,13,161.6,0.13,1827.7
8/30/2024,German,East,Student,18,384.4,0.29,4912.63
1/17/2024,Spanish,North,Student,30,228.68,0.11,6105.76
8/7/2024,French,East,Student,24,185.74,0.06,4190.29
9/9/2024,Spanish,West,Professional,30,73.36,0.28,1584.58
9/1/2024,French,South,Student,12,416.51,0.28,3598.65
8/26/2024,Mandarin,North,Professional,9,362.89,0.2,2612.81
3/25/2024,French,South,Student,4,411.96,0.09,1499.53
1/24/2024,French,North,Professional,12,87.12,0.26,773.63
7/28/2024,Spanish,South,Student,21,380.87,0.27,5838.74
11/3/2024,German,East,Student,24,435.38,0.24,7941.33
3/7/2024,French,North,Student,5,276.2,0.11,1229.09
9/14/2024,Spanish,East,Student,11,363.25,0.12,3516.26
9/18/2024,French,West,Professional,6,63.24,0.07,352.88
3/6/2024,Spanish,West,Professional,2,497.62,0.04,955.43
12/20/2024,French,East,Professional,23,94.03,0.2,1730.15
4/12/2024,Spanish,South,Student,12,372.76,0.1,4025.81
5/8/2024,German,South,Student,2,460.42,0.24,699.84
6/20/2024,Mandarin,East,Student,9,485.02,0.23,3361.19
6/15/2024,Spanish,East,Student,18,498.18,0.06,8429.21
3/2/2024,Spanish,West,Professional,14,93.06,0.1,1172.56
5/11/2024,French,East,Professional,30,468.98,0.19,11396.21
11/22/2024,Mandarin,East,Student,7,216.58,0.29,1076.4
10/29/2024,Spanish,North,Professional,20,246.47,0.19,3992.81
4/20/2024,Mandarin,West,Student,9,433.44,0.09,3549.87
5/26/2024,German,North,Student,7,270.77,0.18,1554.22
10/19/2024,Mandarin,East,Professional,9,157.86,0.03,1378.12
4/7/2024,French,South,Student,11,69.33,0.06,716.87
12/9/2024,French,South,Student,17,155.24,0.04,2533.52
3/12/2024,Spanish,East,Student,1,127.79,0.22,99.68
11/20/2024,Mandarin,South,Professional,28,360.54,0.09,9186.56
1/30/2024,Spanish,North,Student,30,60.8,0.08,1678.08
4/2/2024,Spanish,South,Professional,10,103.87,0.22,810.19
10/6/2024,German,North,Student,16,242.98,0.21,3071.27
4/24/2024,Spanish,East,Student,20,230.3,0.05,4375.7
4/2/2024,Mandarin,North,Professional,6,206.41,0.2,990.77
12/27/2024,Mandarin,South,Professional,8,195.41,0.07,1453.85
12/24/2024,German,North,Student,21,108.23,0.05,2159.19
5/6/2024,Mandarin,West,Student,9,208.75,0.1,1690.88
9/11/2024,Mandarin,South,Professional,17,86.78,0.06,1386.74
11/9/2024,German,North,Professional,7,316.25,0.29,1571.76
7/7/2024,French,West,Professional,24,441.96,0.07,9864.55
12/16/2024,Spanish,West,Professional,25,94.52,0.25,1772.25
5/30/2024,German,North,Professional,4,72.15,0.16,242.42
10/1/2024,Spanish,West,Professional,25,452.7,0.22,8827.65
8/1/2024,German,West,Professional,5,291.61,0.19,1181.02
6/8/2024,Spanish,North,Professional,25,367.9,0.15,7817.88
11/1/2024,French,North,Professional,14,281.92,0.1,3552.19
1/10/2024,French,East,Professional,1,66.02,0.02,64.7
2/20/2024,French,South,Student,26,479.92,0.28,8984.1
9/26/2024,Spanish,West,Professional,16,263.97,0.15,3589.99
8/20/2024,French,West,Student,19,225.99,0.03,4165
6/15/2024,Mandarin,North,Student,11,238.92,0.11,2339.03
7/19/2024,Spanish,East,Student,18,411.9,0.25,5560.65
12/17/2024,Mandarin,North,Professional,23,245.41,0.28,4063.99
10/12/2024,Spanish,North,Student,16,152.83,0.14,2102.94
1/27/2024,Mandarin,West,Professional,9,366.14,0.28,2372.59
8/8/2024,Mandarin,South,Student,16,288.57,0.05,4386.26
8/3/2024,Spanish,West,Professional,21,204.37,0,4291.77
4/30/2024,German,East,Student,7,52.05,0.03,353.42
9/20/2024,Spanish,North,Student,14,198.73,0.08,2559.64
2/9/2024,French,South,Student,7,120.69,0.2,675.86
9/13/2024,French,North,Professional,2,92.05,0.03,178.58
7/18/2024,Spanish,South,Professional,21,112.83,0.29,1682.3
6/8/2024,French,West,Student,2,230.53,0.07,428.79
6/22/2024,German,East,Professional,22,265.56,0.1,5258.09
7/23/2024,French,South,Student,10,411.19,0.19,3330.64
6/23/2024,German,North,Student,26,364.44,0.1,8527.9
1/4/2024,Mandarin,North,Student,27,243.1,0.21,5185.32
8/30/2024,Spanish,North,Student,28,432.77,0.16,10178.75
9/17/2024,German,South,Professional,23,485.58,0.2,8934.67
3/20/2024,Mandarin,South,Professional,29,318.37,0.29,6555.24
2/28/2024,Spanish,East,Professional,11,389.84,0.15,3645
1/9/2024,Mandarin,West,Student,5,442.75,0.21,1748.86
10/2/2024,German,North,Student,10,201.92,0.14,1736.51
4/5/2024,Mandarin,South,Professional,3,129.91,0.23,300.09
7/23/2024,Mandarin,East,Student,13,154.32,0.25,1504.62
10/31/2024,Spanish,South,Student,3,351.04,0.2,842.5
12/7/2024,German,West,Professional,5,241.79,0.19,979.25
11/17/2024,Mandarin,East,Professional,28,71.95,0.1,1813.14
8/28/2024,Mandarin,North,Student,24,482.51,0.01,11464.44
8/3/2024,Spanish,West,Professional,26,366.99,0.07,8873.82
2/5/2024,Spanish,West,Student,18,98.99,0.11,1585.82
5/11/2024,Spanish,East,Student,25,459.45,0.21,9074.14
9/23/2024,Spanish,East,Professional,16,295.56,0.23,3641.3
8/19/2024,Mandarin,South,Student,23,474.68,0.29,7751.52
7/22/2024,German,South,Student,24,199.77,0.07,4458.87
9/20/2024,German,East,Student,11,311.77,0.12,3017.93
2/18/2024,Mandarin,South,Student,4,182.56,0.13,635.31
9/24/2024,Spanish,East,Student,24,170.63,0.09,3726.56
2/10/2024,Spanish,South,Student,3,376.53,0.21,892.38
7/9/2024,Mandarin,West,Student,14,123.99,0.08,1596.99
6/13/2024,Spanish,East,Professional,11,296.53,0.22,2544.23
3/9/2024,German,West,Student,30,128.34,0.1,3465.18
9/8/2024,German,East,Student,8,218.49,0.05,1660.52
8/28/2024,Spanish,South,Professional,15,313.1,0.17,3898.1
8/13/2024,German,North,Student,14,484.96,0.18,5567.34
11/3/2024,German,West,Student,30,387.72,0.23,8956.33
12/13/2024,Spanish,North,Professional,13,439.03,0.04,5479.09
12/19/2024,French,North,Professional,27,388.13,0.03,10165.12
10/18/2024,Spanish,East,Student,3,261.38,0,784.14
2/16/2024,French,North,Student,15,177.4,0.01,2634.39
2/2/2024,German,South,Professional,16,304.48,0.01,4822.96
8/23/2024,French,West,Student,25,90.71,0.05,2154.36
5/16/2024,French,West,Professional,6,96.48,0.01,573.09
10/30/2024,German,North,Professional,5,212.76,0.07,989.33
3/10/2024,German,West,Professional,17,106.87,0.13,1580.61
12/22/2024,French,South,Student,16,214.72,0.06,3229.39
3/19/2024,Spanish,South,Student,14,203.85,0.14,2454.35
9/22/2024,Mandarin,North,Student,18,430.96,0.14,6671.26
12/19/2024,Spanish,North,Student,5,175.05,0.09,796.48
7/25/2024,German,East,Student,16,422.87,0.12,5954.01
4/2/2024,French,East,Student,12,426.48,0.26,3787.14
8/25/2024,French,East,Professional,27,482.73,0.16,10948.32
8/14/2024,Spanish,West,Professional,11,237.69,0.12,2300.84
7/14/2024,Spanish,South,Student,6,88.72,0.02,521.67
8/26/2024,German,East,Student,7,392.99,0.21,2173.23
7/2/2024,Mandarin,East,Professional,10,64.05,0.22,499.59
1/25/2024,French,East,Professional,27,392.83,0.08,9757.9
10/6/2024,Spanish,East,Student,7,244.63,0.19,1387.05
3/7/2024,German,West,Student,2,351.45,0.27,513.12
5/29/2024,Spanish,East,Student,19,58.88,0.22,872.6
9/30/2024,Mandarin,West,Student,18,124.44,0.06,2105.52
5/19/2024,Mandarin,South,Student,18,379.29,0.23,5256.96
5/7/2024,Mandarin,East,Professional,13,318.69,0.25,3107.23
1/31/2024,German,East,Student,12,417.87,0.08,4613.28
3/11/2024,German,East,Professional,17,212.81,0.15,3075.1
3/20/2024,German,South,Student,10,315.62,0.26,2335.59
11/21/2024,French,North,Student,12,100.87,0.27,883.62
8/15/2024,Spanish,West,Student,23,348.48,0.25,6011.28
2/18/2024,French,South,Professional,20,236.52,0.17,3926.23
9/26/2024,Spanish,North,Student,25,128.05,0.24,2432.95
1/19/2024,Mandarin,East,Student,14,304.52,0.24,3240.09
12/6/2024,Spanish,West,Student,17,263.51,0.25,3359.75
7/1/2024,Mandarin,West,Student,14,310.15,0.29,3082.89
8/7/2024,German,East,Student,1,278.89,0.19,225.9
5/8/2024,French,South,Student,27,227.5,0.23,4729.73
4/30/2024,Spanish,East,Student,26,108.56,0.23,2173.37
12/11/2024,French,North,Professional,30,265.25,0.23,6127.28
2/24/2024,French,North,Student,18,323.44,0.17,4832.19
6/20/2024,French,West,Student,23,394.02,0.11,8065.59
6/3/2024,French,North,Student,28,189.94,0.08,4892.85
5/11/2024,Mandarin,East,Student,17,307.48,0.06,4913.53
8/14/2024,German,West,Student,10,124.55,0.23,959.04
5/22/2024,Spanish,East,Professional,15,170.2,0.03,2476.41
1/13/2024,French,East,Professional,28,294.51,0.21,6514.56
5/26/2024,French,South,Student,18,210.25,0.19,3065.44
3/8/2024,French,North,Student,10,83.4,0.17,692.22
7/8/2024,Mandarin,West,Professional,12,421.91,0.25,3797.19
9/19/2024,French,South,Professional,24,171.72,0.29,2926.11
7/18/2024,French,West,Student,5,380.06,0.16,1596.25
8/8/2024,German,South,Professional,8,142.4,0.29,808.83
9/10/2024,French,South,Student,5,122.75,0.06,576.92
9/14/2024,French,North,Professional,11,218.65,0.18,1972.22
12/21/2024,German,East,Professional,2,292.58,0.3,409.61
12/4/2024,Mandarin,East,Professional,24,251.2,0.01,5968.51
12/24/2024,French,North,Professional,4,52.04,0.21,164.45
1/12/2024,French,East,Professional,21,273.78,0.03,5576.9
8/30/2024,Mandarin,West,Student,16,371.48,0.19,4814.38
3/7/2024,German,North,Professional,21,472.02,0.18,8128.18
10/24/2024,French,North,Student,13,398.65,0.12,4560.56
12/6/2024,Mandarin,North,Student,7,202.56,0.07,1318.67
2/16/2024,French,South,Professional,10,59.22,0.13,515.21
2/26/2024,French,West,Student,7,166.32,0.22,908.11
5/5/2024,French,West,Student,6,272.38,0.08,1503.54
3/15/2024,French,South,Student,6,141.71,0.23,654.7
12/9/2024,French,South,Professional,29,466.89,0.15,11508.84
6/11/2024,Spanish,West,Professional,20,114.69,0.13,1995.61
12/9/2024,German,East,Professional,20,255.03,0.29,3621.43
7/15/2024,Spanish,North,Student,3,417.29,0.02,1226.83
4/3/2024,Spanish,East,Professional,15,186,0.06,2622.6
6/3/2024,German,South,Professional,7,410.08,0.11,2554.8
10/22/2024,Spanish,East,Student,6,196.28,0.03,1142.35
10/22/2024,French,North,Student,2,468.19,0.11,833.38
11/15/2024,German,South,Student,14,332.73,0.27,3400.5
6/11/2024,Spanish,South,Professional,12,59.98,0.29,511.03
9/18/2024,Mandarin,North,Professional,19,100.31,0.27,1391.3
5/2/2024,German,North,Student,12,76.99,0.25,692.91
4/2/2024,French,West,Student,20,223.93,0.22,3493.31
6/28/2024,Spanish,East,Professional,23,326.04,0.19,6074.13
10/3/2024,French,North,Student,18,404.43,0.27,5314.21
12/26/2024,German,South,Student,16,232.03,0.25,2784.36
7/21/2024,Mandarin,North,Student,3,245.56,0.21,581.98
4/17/2024,German,North,Professional,17,71.15,0.27,882.97
12/12/2024,Mandarin,North,Professional,25,263.66,0.16,5536.86
7/22/2024,Spanish,West,Professional,25,457.67,0.24,8695.73
12/16/2024,French,East,Student,21,61.44,0.28,928.97
5/3/2024,German,West,Student,29,137.51,0.18,3269.99
10/5/2024,French,West,Professional,4,283.8,0.16,953.57
6/1/2024,German,East,Student,24,341.59,0.03,7952.22
12/11/2024,Mandarin,North,Professional,25,433.92,0.21,8569.92
2/19/2024,Spanish,North,Student,21,219.97,0.12,4065.05
1/25/2024,Mandarin,West,Student,26,339.35,0.22,6882.02
3/2/2024,Mandarin,East,Student,25,149.42,0.01,3698.14
3/29/2024,Spanish,South,Professional,11,145.37,0.23,1231.28
1/11/2024,German,West,Professional,14,388.81,0.05,5171.17
3/7/2024,French,South,Student,7,122.28,0.18,701.89
3/5/2024,German,North,Professional,19,320.85,0.04,5852.3
4/3/2024,Spanish,East,Student,16,171.19,0.01,2711.65
12/15/2024,Spanish,West,Professional,20,349.58,0.14,6012.78
9/6/2024,Mandarin,North,Professional,9,111.11,0.07,929.99
1/17/2024,Mandarin,North,Student,28,482.46,0.08,12428.17
7/11/2024,Mandarin,East,Professional,24,206.92,0.28,3575.58
6/29/2024,Spanish,North,Student,19,240.24,0.27,3332.13
6/20/2024,German,South,Student,8,109.19,0.25,655.14
3/30/2024,German,West,Professional,16,491.69,0.08,7237.68
9/20/2024,Spanish,South,Student,6,401.79,0.17,2000.91
5/19/2024,Spanish,North,Professional,18,59.85,0.28,775.66
2/13/2024,Spanish,North,Student,11,457.62,0.05,4782.13
6/30/2024,Mandarin,South,Student,22,296.84,0.1,5877.43
11/25/2024,German,North,Student,12,118.46,0.01,1407.3
4/9/2024,Mandarin,East,Student,8,402.37,0.1,2897.06
9/12/2024,German,South,Student,18,344.91,0.13,5401.29
1/24/2024,Spanish,North,Professional,14,395.03,0.18,4534.94
11/24/2024,Spanish,East,Professional,1,239.79,0.14,206.22
8/10/2024,French,East,Professional,15,454.74,0.18,5593.3
9/6/2024,French,South,Professional,24,477.25,0.19,9277.74
10/17/2024,Spanish,South,Professional,7,196.46,0.2,1100.18
8/1/2024,French,East,Professional,16,382.88,0.21,4839.6
1/9/2024,Spanish,East,Professional,4,108.87,0.27,317.9
8/14/2024,Mandarin,East,Professional,2,428.87,0.25,643.31
10/15/2024,Mandarin,North,Student,29,484.17,0.22,10951.93
5/7/2024,Spanish,South,Professional,25,339.54,0.03,8233.84
7/1/2024,German,West,Student,6,393.66,0.01,2338.34
7/28/2024,Spanish,West,Professional,11,465.58,0.04,4916.52
12/15/2024,French,West,Student,28,338.19,0.07,8806.47
1/19/2024,German,North,Professional,17,139.52,0.01,2348.12
12/12/2024,Spanish,South,Student,14,427.46,0.17,4967.09
1/10/2024,German,East,Student,2,378.96,0.11,674.55
12/8/2024,German,South,Student,4,442.56,0.24,1345.38
4/14/2024,French,East,Student,7,430.73,0.2,2412.09
3/4/2024,German,North,Professional,21,390.03,0.02,8026.82
7/11/2024,French,North,Student,1,61.85,0.26,45.77
7/15/2024,German,East,Professional,5,372.69,0.17,1546.66
7/23/2024,German,North,Professional,23,390.51,0.16,7544.65
12/10/2024,German,South,Student,15,119.7,0.23,1382.54
6/5/2024,German,West,Student,6,147.45,0.15,751.99
2/11/2024,Mandarin,North,Student,29,257.27,0.12,6565.53
4/12/2024,Mandarin,East,Student,11,485.94,0.04,5131.53
11/11/2024,Mandarin,North,Professional,16,185.09,0.13,2576.45
2/17/2024,German,North,Student,5,351.76,0.15,1494.98
10/13/2024,German,North,Professional,21,185.24,0.28,2800.83
5/9/2024,Spanish,South,Professional,4,345.1,0.19,1118.12
11/22/2024,German,West,Student,27,417.51,0.16,9469.13
5/24/2024,Mandarin,East,Professional,16,425.23,0.28,4898.65
8/16/2024,Spanish,West,Student,13,452.35,0.05,5586.52
7/19/2024,Mandarin,West,Professional,4,118.69,0.21,375.06
10/10/2024,French,West,Professional,29,209.3,0.09,5523.43
9/7/2024,Spanish,South,Professional,14,205.2,0.03,2786.62
12/14/2024,French,South,Professional,1,437.66,0.26,323.87
5/21/2024,German,East,Student,15,169.99,0.05,2422.36
8/26/2024,Spanish,West,Professional,27,404.56,0.06,10267.73
5/15/2024,Mandarin,South,Student,29,279.84,0.02,7953.05
3/20/2024,Mandarin,West,Student,28,348.05,0.23,7503.96
8/24/2024,German,East,Professional,21,454.15,0.1,8583.44
3/6/2024,Spanish,North,Professional,4,393.85,0.22,1228.81
6/13/2024,French,North,Student,18,116.96,0,2105.28
11/5/2024,Spanish,East,Student,28,188.91,0.21,4178.69
7/17/2024,French,West,Student,25,201.2,0.04,4828.8
11/17/2024,German,East,Professional,19,188.82,0.26,2654.81
12/5/2024,French,South,Student,13,113.54,0,1476.02
2/5/2024,French,North,Professional,8,346.94,0.26,2053.88
2/4/2024,Spanish,North,Student,15,370.59,0.21,4391.49
11/19/2024,Spanish,North,Professional,26,487.66,0.17,10523.7
5/25/2024,French,West,Professional,9,285.63,0.22,2005.12
6/15/2024,Spanish,South,Student,16,425.67,0.01,6742.61
6/11/2024,French,North,Student,12,200.36,0.06,2260.06
12/31/2024,German,South,Professional,9,363.94,0.03,3177.2
10/3/2024,German,East,Student,5,202.53,0.21,799.99
9/6/2024,Mandarin,East,Student,26,259.49,0.22,5262.46
12/22/2024,Mandarin,North,Professional,17,352.06,0.02,5865.32
7/20/2024,Mandarin,West,Student,16,105.01,0.26,1243.32
1/3/2024,Mandarin,West,Professional,4,465.99,0.14,1603.01
4/30/2024,French,North,Student,12,294.87,0.01,3503.06
5/25/2024,French,South,Professional,27,389.69,0.19,8522.52
1/4/2024,Spanish,North,Professional,23,69.85,0.11,1429.83
2/11/2024,Spanish,West,Student,5,410.9,0.08,1890.14
5/6/2024,French,West,Student,23,106.94,0.29,1746.33
9/30/2024,German,South,Student,7,287.02,0.2,1607.31
2/3/2024,French,East,Professional,14,470.5,0.22,5137.86
7/19/2024,Spanish,East,Student,30,296.61,0.04,8542.37
10/13/2024,French,West,Professional,19,230.01,0.24,3321.34
8/3/2024,French,East,Student,15,211.92,0.08,2924.5
1/21/2024,Mandarin,South,Student,27,315.35,0.21,6726.42
7/26/2024,German,West,Student,9,190.93,0.17,1426.25
8/9/2024,Spanish,East,Student,24,407.33,0.08,8993.85
12/14/2024,Mandarin,North,Professional,12,445.56,0.04,5132.85
5/6/2024,Spanish,East,Student,17,421.42,0.23,5516.39
9/12/2024,Spanish,South,Professional,25,187.64,0.18,3846.62
2/12/2024,German,East,Professional,22,341.01,0.23,5776.71
4/16/2024,French,North,Professional,25,245.35,0.05,5827.06
5/21/2024,German,East,Student,8,52.59,0.2,336.58
7/1/2024,German,South,Student,20,243.08,0.16,4083.74
11/23/2024,French,East,Professional,16,71.4,0.1,1028.16
7/1/2024,Spanish,North,Professional,16,459.13,0.01,7272.62
1/23/2024,French,West,Professional,5,497.32,0.08,2287.67
2/20/2024,Spanish,West,Student,26,173.37,0.1,4056.86
10/18/2024,Spanish,East,Professional,21,152.39,0.16,2688.16
10/5/2024,German,North,Student,19,237.78,0.18,3704.61
3/18/2024,Spanish,North,Professional,16,256.15,0.19,3319.7
3/3/2024,Spanish,East,Student,4,235.14,0.18,771.26
1/11/2024,Spanish,East,Student,16,437.92,0.14,6025.78
5/22/2024,French,North,Professional,12,390.85,0.13,4080.47
6/13/2024,German,East,Professional,2,76.37,0.2,122.19
1/13/2024,Spanish,East,Professional,12,197.98,0.26,1758.06
5/23/2024,Mandarin,North,Student,16,301.95,0.07,4493.02
3/11/2024,German,North,Professional,9,473.84,0.21,3369
2/17/2024,German,West,Professional,6,381.28,0.08,2104.67
8/16/2024,German,East,Professional,23,74.09,0.03,1652.95
6/19/2024,German,North,Student,16,103.88,0.14,1429.39
1/1/2024,Spanish,North,Student,30,183.57,0.02,5396.96
2/27/2024,French,South,Student,16,345.83,0.13,4813.95
1/27/2024,German,North,Student,17,309.71,0.22,4106.75
7/29/2024,Spanish,East,Professional,13,492.53,0.01,6338.86
2/26/2024,Spanish,North,Student,18,310.14,0.21,4410.19
2/9/2024,German,East,Professional,4,342.27,0.14,1177.41
8/1/2024,French,East,Student,12,450.67,0.19,4380.51
9/24/2024,German,South,Student,5,161.29,0.05,766.13
3/21/2024,Mandarin,West,Student,23,196.13,0.1,4059.89
3/27/2024,French,East,Professional,9,160.7,0.16,1214.89
6/18/2024,German,East,Professional,15,173.43,0.29,1847.03
6/11/2024,Spanish,South,Professional,3,103.47,0.08,285.58
3/21/2024,Spanish,East,Student,25,61.08,0.23,1175.79
12/1/2024,French,South,Student,27,317.88,0,8582.76
2/6/2024,German,North,Student,1,242.19,0.23,186.49
6/2/2024,Mandarin,East,Student,26,324.49,0.11,7508.7
12/28/2024,Spanish,West,Professional,19,448.17,0.14,7323.1
11/10/2024,Spanish,West,Professional,25,125.45,0.04,3010.8
7/6/2024,French,North,Professional,16,206.42,0.21,2609.15
1/7/2024,Mandarin,West,Student,23,63.59,0.16,1228.56
7/11/2024,French,East,Student,11,117.31,0.28,929.1
11/25/2024,German,North,Student,8,450.58,0.24,2739.53
12/17/2024,German,North,Student,17,287.16,0.22,3807.74
6/5/2024,French,North,Student,23,344.83,0.14,6820.74
10/9/2024,French,East,Professional,2,169.93,0.02,333.06
10/20/2024,German,South,Student,29,96.45,0,2797.05
5/21/2024,French,South,Professional,26,139.32,0.04,3477.43
9/4/2024,Mandarin,North,Student,26,482.86,0.01,12428.82
1/13/2024,French,South,Professional,15,423.18,0.02,6220.75
10/27/2024,Mandarin,North,Professional,2,350.38,0.29,497.54
11/20/2024,Spanish,South,Professional,26,378.28,0.09,8950.1
10/28/2024,Mandarin,East,Student,10,86.84,0.26,642.62
4/6/2024,Spanish,West,Student,12,434.66,0.2,4172.74
10/21/2024,Spanish,West,Student,13,199.36,0.15,2202.93
4/8/2024,Spanish,East,Professional,13,263.15,0.13,2976.23
8/5/2024,French,North,Professional,22,271.24,0.07,5549.57
7/20/2024,Mandarin,West,Professional,29,123.79,0.24,2728.33
12/10/2024,French,East,Student,27,342.83,0.01,9163.85
8/22/2024,Mandarin,East,Student,5,134.12,0.03,650.48
12/14/2024,Mandarin,North,Professional,6,89.11,0.29,379.61
2/25/2024,German,South,Professional,17,385.19,0.13,5696.96
12/31/2024,Mandarin,North,Professional,17,371.44,0.22,4925.29
11/15/2024,Spanish,West,Professional,12,78.09,0.2,749.66
8/18/2024,Spanish,East,Student,6,168.48,0.22,788.49
12/3/2024,German,North,Professional,29,193.33,0.1,5045.91
11/24/2024,Spanish,West,Student,5,472.11,0.24,1794.02
4/19/2024,Mandarin,West,Student,22,228.11,0.09,4566.76
4/26/2024,German,West,Professional,30,213.8,0.28,4618.08
1/21/2024,Mandarin,West,Professional,9,462.98,0.08,3833.47
5/23/2024,Spanish,East,Student,23,380.61,0.23,6740.6
12/11/2024,German,East,Student,11,225.24,0.07,2304.21
2/15/2024,Spanish,West,Professional,21,76.15,0.21,1263.33
6/17/2024,Spanish,North,Professional,18,459.91,0.23,6374.35
3/19/2024,French,North,Professional,5,450.26,0.29,1598.42
11/12/2024,Spanish,East,Professional,6,494.7,0.04,2849.47
6/2/2024,German,West,Professional,22,165.06,0.06,3413.44
12/28/2024,German,South,Student,2,299.56,0.15,509.25
12/26/2024,Spanish,East,Student,6,418.26,0.02,2459.37
3/9/2024,Mandarin,South,Professional,23,429.12,0.09,8981.48
1/7/2024,French,West,Student,25,234.57,0.14,5043.26
6/25/2024,French,East,Student,29,284.45,0.06,7754.11
3/20/2024,German,East,Student,28,463.16,0.12,11412.26
2/14/2024,German,South,Student,5,264.16,0.19,1069.85
11/16/2024,German,North,Student,18,60.48,0.07,1012.44
6/14/2024,Spanish,East,Professional,3,123.53,0.24,281.65
10/23/2024,German,South,Student,6,389.98,0.02,2293.08
6/30/2024,Mandarin,East,Professional,5,390.71,0.12,1719.12
8/11/2024,French,North,Student,13,287.44,0.07,3475.15
10/21/2024,Spanish,East,Professional,21,86.22,0.24,1376.07
2/4/2024,French,North,Professional,26,71.83,0.17,1550.09
12/1/2024,Spanish,East,Student,29,105.42,0.21,2415.17
5/1/2024,German,South,Student,12,270.8,0.29,2307.22
10/29/2024,Mandarin,South,Professional,25,291.94,0.12,6422.68
5/24/2024,Mandarin,North,Professional,20,111.04,0.25,1665.6
2/24/2024,Spanish,North,Student,3,233.49,0.05,665.45
6/13/2024,Spanish,South,Student,19,174.32,0.18,2715.91
12/12/2024,Mandarin,West,Student,25,262.8,0.05,6241.5
4/15/2024,French,West,Professional,10,144.35,0.21,1140.36
3/10/2024,French,West,Student,4,248.11,0.16,833.65
1/25/2024,Mandarin,South,Professional,1,230.44,0.13,200.48
11/11/2024,French,North,Professional,22,241.85,0.08,4895.04
3/23/2024,Spanish,South,Student,23,179.86,0.27,3019.85
2/1/2024,Mandarin,West,Professional,19,180.76,0.12,3022.31
3/24/2024,French,South,Student,19,275.54,0.02,5130.55
7/29/2024,Spanish,East,Student,13,128.55,0.27,1219.94
3/10/2024,German,East,Student,4,203.62,0.11,724.89
8/10/2024,Spanish,South,Student,21,374.91,0.07,7321.99
8/4/2024,German,West,Student,14,336.09,0.21,3717.16
10/30/2024,German,North,Professional,26,494.56,0.28,9258.16
3/22/2024,German,North,Professional,4,224.44,0.08,825.94
1/3/2024,French,South,Student,23,430.99,0.18,8128.47
9/9/2024,Spanish,South,Student,2,302.65,0.22,472.13
4/20/2024,Mandarin,South,Professional,5,322.03,0.15,1368.63
9/6/2024,Mandarin,West,Professional,6,202.91,0.2,973.97
12/14/2024,Spanish,South,Professional,24,85.62,0.27,1500.06
2/10/2024,Spanish,South,Professional,8,377.32,0.16,2535.59
12/17/2024,German,East,Professional,12,437.12,0.26,3881.63
4/19/2024,German,West,Professional,3,470.55,0.2,1129.32
10/3/2024,German,West,Student,13,492.9,0.25,4805.77
6/22/2024,German,West,Student,22,347.59,0.03,7417.57
5/8/2024,Spanish,East,Student,6,143.14,0.01,850.25
5/21/2024,French,South,Student,16,472.03,0.06,7099.33
10/16/2024,Mandarin,West,Professional,23,358.61,0.19,6680.9
10/7/2024,Mandarin,East,Student,1,304.1,0.26,225.03
7/10/2024,German,West,Professional,15,281.6,0.29,2999.04
9/20/2024,Spanish,East,Student,4,58.32,0.05,221.62
3/14/2024,German,North,Student,21,299.93,0.12,5542.71
12/23/2024,German,South,Professional,15,133.76,0.18,1645.25
11/9/2024,Spanish,West,Student,2,474.67,0.04,911.37
9/20/2024,Mandarin,South,Student,20,207.55,0.18,3403.82
8/5/2024,German,West,Student,7,383.4,0.11,2388.58
8/15/2024,Mandarin,West,Professional,16,255.65,0.29,2904.18
10/17/2024,Mandarin,East,Student,4,407.18,0.1,1465.85
2/26/2024,French,East,Student,12,454.35,0.06,5125.07
2/5/2024,French,East,Student,11,243.85,0.08,2467.76
5/3/2024,Spanish,West,Professional,4,268.03,0,1072.12
10/4/2024,Spanish,South,Student,14,463.71,0.24,4933.87
11/24/2024,German,South,Professional,12,65,0.03,756.6
8/9/2024,Mandarin,West,Student,28,469.66,0.25,9862.86
12/28/2024,French,South,Professional,22,262.39,0.18,4733.52
3/26/2024,Spanish,West,Professional,19,242.44,0.15,3915.41
9/2/2024,German,North,Student,6,256.88,0.01,1525.87
6/27/2024,Spanish,West,Student,5,322.28,0.06,1514.72
12/20/2024,Mandarin,East,Student,5,474.8,0.07,2207.82
6/26/2024,German,East,Student,28,159.03,0.09,4052.08
11/29/2024,Mandarin,West,Professional,27,148.63,0.15,3411.06
12/20/2024,Mandarin,East,Student,1,405.35,0.08,372.92
8/12/2024,Spanish,North,Student,13,419.39,0.11,4852.34
3/4/2024,French,East,Professional,23,462.07,0.12,9352.3
8/17/2024,French,North,Professional,13,100.85,0.19,1061.95
6/2/2024,German,South,Professional,30,314.62,0.15,8022.81
7/13/2024,Spanish,North,Professional,28,111.21,0.24,2366.55
3/13/2024,French,West,Professional,14,260.89,0.28,2629.77
9/21/2024,French,South,Professional,28,355.24,0.1,8952.05
9/2/2024,German,West,Professional,29,88.39,0.28,1845.58
6/14/2024,Mandarin,West,Professional,21,286.1,0.13,5227.05
2/1/2024,Spanish,East,Professional,5,72.29,0.09,328.92
5/27/2024,French,North,Professional,1,202.08,0.07,187.93
12/16/2024,French,East,Professional,19,283.78,0.23,4151.7
5/15/2024,German,East,Student,30,343.38,0.08,9477.29
1/5/2024,Mandarin,West,Professional,17,472.33,0.16,6744.87
1/15/2024,Mandarin,North,Student,17,309.15,0.12,4624.88
3/26/2024,French,North,Professional,26,361.13,0.04,9013.8
4/2/2024,German,North,Student,10,100.31,0.14,862.67
7/11/2024,German,North,Student,14,127.85,0.01,1772
7/1/2024,French,North,Professional,22,89.32,0.23,1513.08
12/13/2024,German,South,Student,21,114.83,0.28,1736.23
11/14/2024,French,East,Professional,30,270.53,0.27,5924.61
12/4/2024,Spanish,West,Student,7,395.74,0.19,2243.85
10/24/2024,French,South,Professional,7,303.33,0.11,1889.75
4/8/2024,French,South,Student,6,467.14,0.03,2718.75
11/17/2024,Mandarin,West,Professional,25,269.56,0.06,6334.66
5/13/2024,Spanish,West,Student,29,306.49,0.11,7910.51
6/22/2024,French,West,Student,15,109.96,0.26,1220.56
9/17/2024,French,West,Professional,5,195.42,0.25,732.82
2/13/2024,French,South,Professional,17,97.35,0.24,1257.76
1/1/2024,Mandarin,North,Student,20,412.89,0.13,7184.29
12/20/2024,French,West,Professional,26,179.43,0.28,3358.93
6/1/2024,German,North,Professional,14,262.87,0.16,3091.35
4/14/2024,French,South,Professional,17,343.75,0.09,5317.81
5/30/2024,German,East,Professional,1,219.64,0.14,188.89
11/10/2024,German,North,Professional,16,444.24,0.27,5188.72
8/3/2024,French,West,Professional,28,430.92,0.08,11100.5
1/25/2024,French,West,Professional,6,403.49,0.03,2348.31
8/11/2024,German,North,Professional,12,73.66,0.11,786.69
3/17/2024,Spanish,West,Student,15,122.69,0.18,1509.09
5/3/2024,Mandarin,West,Student,23,403.18,0.05,8809.48
10/29/2024,Mandarin,East,Student,13,96.12,0.05,1187.08
11/13/2024,Spanish,South,Professional,3,266.73,0.01,792.19
11/13/2024,Mandarin,East,Professional,9,165.44,0,1488.96
2/17/2024,French,East,Professional,8,496.5,0.12,3495.36
11/15/2024,French,North,Student,15,461.46,0.1,6229.71
9/2/2024,French,South,Professional,5,205.59,0.13,894.32
7/15/2024,Mandarin,South,Professional,17,203.85,0.21,2737.71
3/4/2024,German,East,Student,7,129.8,0.08,835.91
2/12/2024,German,West,Professional,3,187.98,0.08,518.82
3/27/2024,Spanish,West,Professional,13,204.07,0.06,2493.74
6/18/2024,Mandarin,South,Student,25,74.95,0.14,1611.42
11/24/2024,French,South,Student,4,245.58,0.08,903.73
1/18/2024,Spanish,North,Student,22,125.91,0.2,2216.02
11/17/2024,Mandarin,West,Professional,20,444.94,0.16,7474.99
8/20/2024,German,East,Student,11,224.88,0.06,2325.26
3/29/2024,French,East,Student,27,469.07,0.02,12411.59
9/12/2024,Mandarin,West,Student,20,482.03,0.01,9544.19
8/12/2024,Spanish,North,Student,23,372.21,0.01,8475.22
9/28/2024,Mandarin,East,Student,13,400.4,0.3,3643.64
5/21/2024,Spanish,East,Student,26,287.67,0.26,5534.77
2/21/2024,Mandarin,North,Student,30,135.9,0.02,3995.46
10/24/2024,German,West,Student,29,319.69,0.28,6675.13
8/30/2024,Spanish,North,Student,12,52.03,0.16,524.46
2/6/2024,German,South,Student,22,426.4,0.15,7973.68
10/27/2024,French,South,Student,1,355.62,0.29,252.49
1/10/2024,Spanish,West,Professional,8,323.79,0.18,2124.06
5/2/2024,Spanish,South,Student,2,150.61,0.18,247
11/18/2024,German,West,Professional,8,81.3,0.29,461.78
6/7/2024,French,North,Professional,21,171.65,0.23,2775.58
1/29/2024,French,East,Professional,17,297.83,0.11,4506.17
4/28/2024,German,South,Professional,1,339.32,0.26,251.1
2/13/2024,French,West,Student,15,137.21,0,2058.15
8/23/2024,German,North,Professional,26,180.9,0.02,4609.33
5/17/2024,Spanish,West,Professional,3,415.52,0.26,922.45
2/12/2024,German,West,Professional,8,118.84,0.14,817.62
4/19/2024,German,East,Student,13,380.1,0.09,4496.58
7/25/2024,Spanish,West,Student,17,375.23,0.14,5485.86
10/19/2024,Spanish,North,Professional,15,360.4,0.15,4595.1
11/21/2024,German,East,Professional,12,376.82,0.05,4295.75
7/11/2024,Spanish,East,Professional,30,217.58,0.29,4634.45
8/29/2024,Spanish,South,Professional,16,200.08,0.3,2240.9
3/27/2024,German,North,Student,30,470.62,0.28,10165.39
9/30/2024,Mandarin,West,Professional,30,54.66,0.18,1344.64
7/5/2024,Spanish,North,Professional,19,70.44,0.06,1258.06
1/15/2024,French,North,Professional,13,212.35,0.17,2291.26
7/7/2024,Spanish,South,Professional,16,256.33,0.12,3609.13
12/17/2024,Mandarin,West,Professional,19,178.08,0.26,2503.8
5/27/2024,German,East,Professional,16,66.84,0.29,759.3
3/7/2024,German,North,Student,8,103.77,0.13,722.24
10/12/2024,Mandarin,East,Professional,26,484.76,0.06,11847.53
6/2/2024,German,East,Professional,20,139.53,0.2,2232.48
6/26/2024,Mandarin,West,Professional,8,138.43,0.21,874.88
7/18/2024,Mandarin,North,Professional,12,427.06,0.28,3689.8
6/11/2024,French,South,Professional,16,148.57,0.27,1735.3
7/19/2024,German,West,Student,6,497.8,0.05,2837.46
4/7/2024,Mandarin,North,Professional,22,93.81,0.24,1568.5
11/5/2024,German,South,Student,10,54.12,0.14,465.43
9/17/2024,French,North,Professional,3,109.69,0.15,279.71
3/23/2024,German,South,Student,8,361.17,0.13,2513.74
3/6/2024,German,West,Professional,22,274.68,0.23,4653.08
8/10/2024,German,South,Professional,7,133.01,0.18,763.48
5/10/2024,German,West,Student,12,431.91,0.02,5079.26
8/14/2024,Mandarin,South,Student,6,216.8,0.24,988.61
8/23/2024,German,North,Student,29,137.76,0.03,3875.19
7/1/2024,German,North,Student,5,355.51,0.13,1546.47
12/1/2024,French,East,Professional,29,390.66,0.26,8383.56
3/13/2024,Spanish,North,Student,17,78.22,0.15,1130.28
12/25/2024,Mandarin,East,Professional,2,361.32,0.1,650.38
2/12/2024,Spanish,East,Professional,10,164.36,0.22,1282.01
7/11/2024,Spanish,West,Professional,14,367.23,0.08,4729.92
4/3/2024,Spanish,West,Student,7,148.89,0.12,917.16
2/7/2024,Mandarin,West,Professional,1,194.52,0.1,175.07
6/14/2024,French,East,Student,17,452.38,0.21,6075.46
5/16/2024,Spanish,East,Student,21,368.21,0.11,6881.84
8/15/2024,Mandarin,East,Student,21,207.76,0.2,3490.37
7/22/2024,Spanish,West,Student,11,404.19,0.09,4045.94
6/22/2024,German,East,Student,6,343.59,0.02,2020.31
4/6/2024,Mandarin,South,Student,17,393.41,0.2,5350.38
5/31/2024,Spanish,South,Student,19,442.73,0,8411.87
2/23/2024,French,West,Professional,9,194.39,0.1,1574.56
9/11/2024,French,East,Student,23,401.26,0.26,6829.45
6/21/2024,Mandarin,West,Professional,23,261.1,0.17,4984.4
10/29/2024,Spanish,West,Student,16,387.99,0.01,6145.76
12/4/2024,Mandarin,South,Professional,24,250.1,0.11,5342.14
2/9/2024,Spanish,South,Professional,28,340.26,0.03,9241.46
3/8/2024,Spanish,North,Student,25,152.83,0.07,3553.3
4/24/2024,German,South,Professional,11,240.64,0.25,1985.28
11/11/2024,Mandarin,East,Student,24,420.92,0.23,7778.6
1/27/2024,Mandarin,North,Professional,7,152.93,0.07,995.57
7/13/2024,German,South,Student,22,104.81,0.08,2121.35
7/1/2024,German,East,Professional,1,313.67,0.2,250.94
8/15/2024,French,South,Professional,20,105.4,0.04,2023.68
5/14/2024,Spanish,West,Professional,11,137.25,0.21,1192.7
12/1/2024,Spanish,South,Professional,13,494.39,0.11,5720.09
7/31/2024,Spanish,North,Professional,1,110.37,0.04,105.96
12/7/2024,Spanish,West,Student,23,237.08,0.03,5289.25
12/16/2024,German,South,Student,27,323.36,0.29,6198.81
8/7/2024,German,West,Professional,13,399.18,0.26,3840.11
11/4/2024,French,North,Professional,3,440.78,0.18,1084.32
3/5/2024,Spanish,South,Professional,3,141.24,0.02,415.25
5/16/2024,German,South,Professional,18,273.87,0.22,3845.13
1/21/2024,Spanish,West,Student,23,131.05,0.19,2441.46
1/9/2024,German,South,Student,10,369.42,0.1,3324.78
7/31/2024,Spanish,East,Student,15,188.42,0.22,2204.51
1/25/2024,French,North,Student,2,384.27,0.12,676.32
4/20/2024,Spanish,South,Student,18,253.21,0.1,4102
10/24/2024,German,West,Student,22,331.64,0.23,5617.98
1/19/2024,German,South,Professional,30,409.17,0.1,11047.59
9/10/2024,French,South,Professional,9,232.21,0.28,1504.72
9/14/2024,Spanish,South,Student,1,251.62,0.07,234.01
4/18/2024,French,West,Student,4,173.85,0.2,556.32
9/7/2024,German,West,Student,9,171.4,0.18,1264.93
9/6/2024,Spanish,South,Professional,26,437.19,0.03,11025.93
5/6/2024,Mandarin,South,Student,20,463.59,0.29,6582.98
5/18/2024,Mandarin,North,Student,27,102.3,0.01,2734.48
3/17/2024,Spanish,East,Professional,9,291.86,0.19,2127.66
11/2/2024,Mandarin,North,Professional,1,201.77,0.03,195.72
6/29/2024,Mandarin,North,Professional,16,201.46,0.18,2643.16
6/9/2024,French,West,Professional,28,397.25,0.08,10233.16
10/13/2024,French,North,Student,15,472.45,0.18,5811.14
9/27/2024,Mandarin,North,Student,11,261.29,0.05,2730.48
1/22/2024,German,South,Professional,15,295.6,0.27,3236.82
1/24/2024,French,West,Professional,29,316.42,0.28,6606.85
8/17/2024,Mandarin,West,Student,23,355.93,0.29,5812.34
3/21/2024,French,West,Student,12,288.12,0.01,3422.87
12/6/2024,Mandarin,South,Professional,3,266.49,0.11,711.53
3/4/2024,Spanish,South,Professional,28,271.03,0.23,5843.41
7/17/2024,German,North,Professional,19,109.7,0.07,1938.4
10/8/2024,German,West,Professional,24,156.42,0.04,3603.92
1/5/2024,French,East,Professional,10,228.34,0.1,2055.06
5/22/2024,German,West,Professional,17,424.72,0.2,5776.19
10/18/2024,French,South,Student,2,186.77,0.07,347.39
12/3/2024,German,South,Student,28,374.41,0.29,7443.27
5/10/2024,French,North,Student,5,246.13,0.2,984.52
4/16/2024,German,West,Professional,5,335.89,0.01,1662.66
6/15/2024,French,South,Student,1,466.46,0.28,335.85
3/29/2024,French,South,Student,5,266.25,0.22,1038.38
5/1/2024,French,East,Professional,25,91.98,0.22,1793.61
9/5/2024,French,North,Student,6,462.26,0.09,2523.94
12/12/2024,Mandarin,East,Student,11,109.88,0.28,870.25
1/20/2024,Spanish,North,Professional,13,456.57,0.14,5104.45
6/17/2024,Spanish,West,Student,26,429.57,0.29,7929.86
9/8/2024,Mandarin,East,Professional,11,322.17,0.28,2551.59
9/24/2024,French,East,Student,23,82.44,0.04,1820.28
9/23/2024,Spanish,East,Professional,3,388.01,0.06,1094.19
4/29/2024,Spanish,West,Professional,21,231.86,0.01,4820.37
7/4/2024,German,South,Professional,3,185.88,0.03,540.91
4/1/2024,Mandarin,West,Professional,17,203.36,0.05,3284.26
4/9/2024,German,West,Professional,25,147.37,0.04,3536.88
10/30/2024,Mandarin,West,Student,19,382.02,0.27,5298.62
12/18/2024,Spanish,West,Professional,13,419.91,0.16,4585.42
6/24/2024,German,East,Professional,15,89.12,0.19,1082.81
3/15/2024,German,North,Professional,2,379.57,0.06,713.59
9/27/2024,French,East,Student,9,239.44,0.28,1551.57
9/10/2024,Spanish,East,Student,22,105.48,0.08,2134.92
5/26/2024,Spanish,South,Professional,11,196.73,0.02,2120.75
8/23/2024,Mandarin,West,Student,6,163.86,0.18,806.19
10/2/2024,Mandarin,South,Professional,4,232.46,0.29,660.19
11/30/2024,Spanish,East,Student,29,206.08,0.26,4422.48
7/29/2024,French,East,Student,17,154.84,0.23,2026.86
7/6/2024,Mandarin,North,Student,21,251.27,0.14,4537.94
6/15/2024,Mandarin,West,Professional,8,302.51,0.16,2032.87
11/18/2024,French,North,Student,12,233.08,0.21,2209.6
4/14/2024,Spanish,West,Professional,28,301.63,0.23,6503.14
3/18/2024,French,East,Student,20,428.36,0.27,6254.06
4/13/2024,French,South,Professional,23,247.19,0.19,4605.15
12/3/2024,Mandarin,North,Student,23,60.23,0.24,1052.82
12/2/2024,French,East,Student,19,58.58,0.28,801.37
8/25/2024,Spanish,North,Student,11,69.78,0.28,552.66
3/5/2024,French,West,Student,13,238,0.11,2753.66
11/23/2024,French,West,Professional,5,51.69,0.22,201.59
12/13/2024,Mandarin,South,Professional,18,92.34,0.11,1479.29
4/24/2024,German,South,Professional,11,107.05,0.05,1118.67
3/28/2024,German,West,Professional,10,360.71,0.12,3174.25
6/3/2024,German,North,Professional,5,186.78,0.08,859.19
5/12/2024,Spanish,South,Student,4,80.2,0.23,247.02
1/30/2024,Mandarin,North,Professional,7,120.6,0.27,616.27
12/12/2024,Spanish,West,Professional,7,458.58,0.11,2856.95
9/18/2024,German,East,Professional,21,342.72,0.21,5685.72
9/24/2024,German,West,Professional,16,154.2,0.23,1899.74
2/29/2024,French,East,Professional,30,261.04,0.09,7126.39
3/14/2024,Spanish,West,Student,10,289.58,0.11,2577.26
3/17/2024,Spanish,East,Professional,25,468.59,0.16,9840.39
6/18/2024,French,South,Student,28,361.77,0.03,9825.67
7/12/2024,French,South,Student,12,182.95,0.05,2085.63
4/18/2024,Mandarin,South,Professional,13,360.8,0.17,3893.03
5/24/2024,Spanish,North,Student,15,184.98,0,2774.7
1/31/2024,Spanish,South,Student,29,74.52,0.03,2096.25
3/3/2024,Mandarin,North,Student,20,259.99,0.05,4939.81
7/12/2024,German,South,Student,9,186.34,0.2,1341.65
11/11/2024,Spanish,South,Professional,1,126.94,0.18,104.09
4/14/2024,Mandarin,North,Professional,22,324.72,0.26,5286.44
1/17/2024,Spanish,East,Professional,25,229.16,0.05,5442.55
6/23/2024,French,North,Professional,19,423.02,0.26,5947.66
2/6/2024,French,North,Professional,11,379.65,0.19,3382.68
4/29/2024,German,East,Professional,30,372.19,0,11165.7
11/9/2024,Mandarin,West,Professional,25,285.37,0.06,6706.2
6/10/2024,Spanish,North,Professional,22,179.06,0.22,3072.67
3/22/2024,German,North,Professional,29,278.61,0.16,6786.94
10/31/2024,Mandarin,North,Professional,1,247.39,0.17,205.33
8/3/2024,Spanish,East,Professional,28,159.24,0.26,3299.45
9/2/2024,Spanish,South,Student,3,50.37,0.02,148.09
5/10/2024,French,South,Student,11,174.44,0.1,1726.96
2/6/2024,French,North,Professional,4,283.8,0.01,1123.85
1/5/2024,Spanish,South,Professional,7,138.97,0.13,846.33
4/1/2024,Mandarin,West,Professional,8,475.38,0.26,2814.25
11/25/2024,French,North,Student,2,393.3,0.13,684.34
7/10/2024,Spanish,North,Professional,29,348.05,0.27,7368.22
1/25/2024,German,North,Student,14,452.6,0.02,6209.67
3/16/2024,German,West,Professional,27,474.31,0.28,9220.59
1/17/2024,German,North,Student,7,63.19,0.11,393.67
7/22/2024,Mandarin,West,Student,12,142.8,0.28,1233.79
4/16/2024,French,East,Professional,30,436.49,0.11,11654.28
9/3/2024,French,West,Student,29,138.8,0.16,3381.17
9/28/2024,French,North,Student,3,197.95,0.04,570.1
2/1/2024,Spanish,West,Professional,17,107.86,0.27,1338.54
11/6/2024,Spanish,West,Student,2,156.21,0.04,299.92
5/26/2024,Mandarin,East,Student,27,382.67,0.1,9298.88
11/6/2024,Mandarin,North,Student,7,400.73,0.28,2019.68
2/18/2024,German,East,Professional,3,204.22,0.14,526.89
2/12/2024,French,North,Professional,2,352.06,0.1,633.71
4/14/2024,French,North,Professional,17,138.48,0.26,1742.08
2/20/2024,Mandarin,North,Student,6,88.65,0.08,489.35
6/23/2024,Mandarin,North,Student,6,85.8,0.1,463.32
6/20/2024,Mandarin,West,Professional,29,351.05,0.01,10078.65
10/13/2024,Spanish,North,Professional,24,349.7,0.14,7217.81
5/20/2024,Mandarin,North,Student,29,86.13,0.23,1923.28
8/26/2024,Mandarin,South,Professional,27,329.14,0.25,6665.08
8/28/2024,Mandarin,East,Student,2,301.37,0.11,536.44
10/16/2024,Spanish,South,Student,4,489.99,0.14,1685.57
9/29/2024,German,West,Student,1,334.75,0.24,254.41
3/26/2024,Spanish,West,Student,14,304,0.04,4085.76
12/11/2024,Mandarin,South,Professional,22,208.44,0.26,3393.4
7/5/2024,German,North,Student,14,101.78,0.17,1182.68
4/16/2024,French,South,Student,18,461.12,0.25,6225.12
11/30/2024,French,South,Student,19,416.73,0.01,7838.69
3/17/2024,Mandarin,West,Student,9,265.34,0.02,2340.3
9/3/2024,Spanish,North,Student,28,445.85,0.28,8988.34
6/30/2024,German,East,Student,12,418.86,0.28,3618.95
2/28/2024,French,East,Student,14,152.51,0.07,1985.68
4/20/2024,German,East,Professional,26,239.98,0.23,4804.4
12/9/2024,Spanish,East,Student,2,103.91,0.18,170.41
8/22/2024,Mandarin,North,Professional,20,282.53,0.04,5424.58
10/8/2024,French,West,Professional,5,154.57,0.2,618.28
3/16/2024,German,South,Student,19,335.06,0.28,4583.62
1/14/2024,German,North,Professional,23,282.42,0.24,4936.7
